% -----------------------------------------------------------------------
% File: CogSci_Template.bib
% -----------------------------------------------------------------------


@Article{Garg2018a,
  author =	 {N. Garg and L. Schiebinger and D. Jurafsky and J. Zou},
  title =	 {Word embeddings quantify 100 years of gender and ethnic stereotypes},
  journal =	 {Proceedings of the National Academy of Sciences of the United States of America},
  year =	 2018,
  volume =	 115,
  number =   16,
  pages =	 {E3635--E3644},
  doi = {https://doi.org/10.1073/pnas.1720347115}
}

@Article{Caliskan2017a,
  author =	 {A. Caliskan and J. J. Bryson and A. Narayanan},
  title =	 {Semantics derived automatically from language corpora contain human-like biases},
  journal =	 {Science},
  year =	 2017,
  volume =	 356,
  number =   6334,
  pages =	 {183-186},
  doi = {https://doi.org/10.1126/science.aal4230}
}

@Article{Lai2016a,
  author =	 {S. Lai and K. Liu and S. He and J. Zhao},
  title =	 {How to Generate a Good Word Embedding},
  journal =	 {IEEE Intelligent Systems},
  year =	 2016,
  volume =	 31,
  number =   6,
  pages =	 {5-14},
  doi = {https://doi.org/10.1109/MIS.2016.45}
}

@Article{Kozlowski2019a,
  author =	 {A. C. Kozlowski and M. Taddy and J. A. Evans},
  title =	 {The Geometry of Culture: Analyzing the Meanings of Class through Word Embeddings},
  journal =	 {American Sociological Review},
  year =	 2019,
  volume =	 84,
  number =   5,
  pages =	 {905-949},
  doi = {https://doi.org/10.1177/0003122419877135}
}

@Article{Bolukbasi2016a,
  author =	 {T. Bolukbasi and K. Chang and J. Zou and V. Saligrama and A. Kalai},
  title =	 {Man is to Computer Programmer as Woman is to Homemaker? Debiasing Word Embeddings},
  journal =	 {Advances in neural information processing systems},
  year =	 2016,
  pages =	 {4349-4357},
  doi = {https://doi.org/10.1177/0003122419877135}
}


@InProceedings{ChalnickBillman1988a,
  author =	 {A. Chalnick and D. Billman},
  title =	 {Unsupervised learning of correlational structure},
  booktitle =	 {Proceedings of the Tenth Annual Conference of the
                  Cognitive Science Society},
  pages =	 {510--516},
  year =	 1988,
  address =	 {Hillsdale, NJ},
  publisher =	 {Lawrence Erlbaum Associates}
}

@InCollection{Feigenbaum1963a,
  author =	 {E. A. Feigenbaum},
  title =	 {The simulation of verbal learning behavior},
  booktitle =	 {Computers and thought},
  publisher =	 {McGraw-Hill},
  year =	 1963,
  editor =	 {E. A. Feigenbaum and J. Feldman},
  address =	 {New York}
}

@Article{Hill1983a,
  author =	 {J. A. C. Hill},
  title =	 {A computational model of language acquisition in the
                  two-year old},
  journal =	 {Cognition and Brain Theory},
  year =	 1983,
  volume =	 6,
  pages =	 {287--317}
}

@TechReport{OhlssonLangley1985a,
  author =	 {S. Ohlsson and P. Langley},
  title =	 {Identifying solution paths in cognitive diagnosis},
  institution =	 {Carnegie Mellon University, The Robotics Institute},
  year =	 1985,
  address =	 {Pittsburgh, PA},
  number =	 {CMU-RI-TR-85-2}
}

@PhdThesis{Matlock2001,
  author =	 {Teenie Matlock},
  title =	 {How real is fictive motion?},
  school =	 {Psychology Department, University of California,
                  Santa Cruz},
  year =	 2001,
  type =	 {Doctoral dissertation}
}

@PhdThesis{Lewis1978a,
  author =	 {C. Lewis},
  title =	 {Production system models of practice effects},
  school =	 {Department of Psychology, University of Michigan,
                  Ann Arbor},
  year =	 1978,
  type =	 {Doctoral dissertation}
}

@Book{NewellSimon1972a,
  author =	 {A. Newell and H. A. Simon},
  title =	 {Human problem solving},
  publisher =	 {Prentice-Hall},
  year =	 1972,
  address =	 {Englewood Cliffs, NJ}
}

@Book{ShragerLangley1990a,
  editor =	 {J. Shrager and P. Langley},
  title =	 {Computational models of scientific discovery and
                  theory formation},
  publisher =	 {Morgan Kaufmann},
  year =	 1990,
  address =	 {San Mateo, CA}
}

% -----------------------------------------------------------------------
% Document End
% -----------------------------------------------------------------------
